@article{guri2023,
	author = {Guri, Gledis and Westgaard, Jon-Ivar and Yoccoz, Nigel and Wangensteen, Owen S. and Præbel, Kim and Ray, Jessica Louise and Kelly, Ryan P. and Shelton, Andrew Olaf and Hanebrekke, Tanja and Johansen, Torild},
	doi = {10.1002/edn3.409},
	journal = {Environmental DNA},
	number = {1},
	title = {Maximizing Sampling Efficiency to Detect Differences in Fish Community Composition Using Environmental {{DNA}} Metabarcoding in Subarctic Fjords},
	url = {https://onlinelibrary.wiley.com/doi/10.1002/edn3.409},
	pages = {e409},
	volume = {6},
	year = {2024}} 

@article{guri2024,
	author = {Guri, Gledis and Ray, Jessica Louise and Shelton, Andrew Olaf and Kelly, Ryan P. and Præbel, Kim and Andruszkiewicz Allan, Elizabeth and Yoccoz, Nigel and Johansen, Torild and Wangensteen, Owen S. and Hanebrekke, Tanja and Westgaard, Jon-Ivar},
	doi = {10.1002/ece3.70678},
	journal = {Ecology and Evolution},
	pages = {e70678},
	title = {Quantifying the {{Detection Sensitivity}} and {{Precision}} of {{{\textsc{qPCR}}}} and {{{\textsc{ddPCR}}}} {{Mechanisms}} for {{{\textsc{eDNA}}}} {{Samples}}},
	url = {https://onlinelibrary.wiley.com/doi/10.1002/ece3.70678},
	volume = {14},
	number = {12},
	year = {2024}} 

@article{guri2024a,
	author = {Guri, Gledis and Shelton, Andrew Olaf and Kelly, Ryan P and Yoccoz, Nigel and Johansen, Torild and Pr{\ae}bel, Kim and Hanebrekke, Tanja and Ray, Jessica Louise and Fall, Johanna and Westgaard, Jon-Ivar},
	doi = {10.1093/icesjms/fsae097},
	editor = {Grant, W Stewart},
	journal = {ICES Journal of Marine Science},
	pages = {1536-1548},
	title = {Predicting Trawl Catches Using Environmental {{DNA}}},
	url = {https://academic.oup.com/icesjms/advance-article/doi/10.1093/icesjms/fsae097/7728836},
	volume = {81},
	number = {8},
	year = {2024}} 

@article{shelton2023,
	author = {Shelton, Andrew Olaf and Gold, Zachary J. and Jensen, Alexander J. and D'Agnese, Erin and Andruszkiewicz Allan, Elizabeth and Van Cise, Amy and Gallego, Ram{\'o}n and Ram{\'o}n‐Laca, Ana and Garber‐Yonts, Maya and Parsons, Kim and Kelly, Ryan P.},
	doi = {10.1002/ecy.3906},
	journal = {Ecology},
	number = {2},
	title = {Toward Quantitative Metabarcoding},
	volume = {104},
	pages = {e3906},
	year = {2023}} 

@article{shelton2019,
	author = {Shelton, Andrew Olaf and Kelly, Ryan P. and O'Donnell, James L. and Park, Linda and Schwenke, Piper and Greene, Correigh and Henderson, Richard A. and Beamer, Eric M.},
	doi = {10.1016/j.biocon.2019.07.003},
	journal = {Biological Conservation},
	title = {Environmental {{DNA}} Provides Quantitative Estimates of a Threatened Salmon Species},
	url = {https://linkinghub.elsevier.com/retrieve/pii/S0006320718318469},
	volume = {237},
	pages = {383–391},
	year = {2019}}


@article{allan2023,
  title = {Quantifying Impacts of an Environmental Intervention Using Environmental {{DNA}}},
  shorttitle = {Quantifying Impacts of an Environmental Intervention Using Environmental},
  author = {Allan, Elizabeth Andruszkiewicz and Kelly, Ryan P. and D'Agnese, Erin R. and Garber‐Yonts, Maya N. and Shaffer, Megan R. and Gold, Zachary J. and Shelton, Andrew O.},
  year = {2023},
  journaltitle = {Ecological Applications},
  volume = {33},
  number = {8},
  pages = {e2914},
  issn = {1051-0761, 1939-5582},
  doi = {10.1002/eap.2914},
  url = {https://esajournals.onlinelibrary.wiley.com/doi/10.1002/eap.2914},
}

@article{dudgeon2006,
  title = {Freshwater Biodiversity: Importance, Threats, Status and Conservation Challenges},
  shorttitle = {Freshwater Biodiversity},
  author = {Dudgeon, David and Arthington, Angela H. and Gessner, Mark O. and Kawabata, Zen‐Ichiro and Knowler, Duncan J. and Lévêque, Christian and Naiman, Robert J. and Prieur‐Richard, Anne‐Hélène and Soto, Doris and Stiassny, Melanie L. J. and Sullivan, Caroline A.},
  year = {2006},
  journaltitle = {Biological Reviews},
  volume = {81},
  number = {2},
  pages = {163--182},
  issn = {1464-7931, 1469-185X},
  doi = {10.1017/S1464793105006950},
  url = {https://onlinelibrary.wiley.com/doi/10.1017/S1464793105006950},
}

@article{reid2019,
  title = {Emerging Threats and Persistent Conservation Challenges for Freshwater Biodiversity},
  author = {Reid, Andrea J. and Carlson, Andrew K. and Creed, Irena F. and Eliason, Erika J. and Gell, Peter A. and Johnson, Pieter T. J. and Kidd, Karen A. and MacCormack, Tyson J. and Olden, Julian D. and Ormerod, Steve J. and Smol, John P. and Taylor, William W. and Tockner, Klement and Vermaire, Jesse C. and Dudgeon, David and Cooke, Steven J.},
  year = {2019},
  journaltitle = {Biological Reviews},
  volume = {94},
  number = {3},
  pages = {849--873},
  issn = {1464-7931, 1469-185X},
  doi = {10.1111/brv.12480},
  url = {https://onlinelibrary.wiley.com/doi/10.1111/brv.12480},
}

@article{altermatt2025,
  title = {Utilizing Aquatic Environmental {{DNA}} to Address Global Biodiversity Targets},
  author = {Altermatt, Florian and Couton, Marjorie and Carraro, Luca and Keck, François and Lawson-Handley, Lori and Leese, Florian and Zhang, Xiaowei and Zhang, Yan and Blackman, Rosetta C.},
  year = {2025},
  journaltitle = {Nature Reviews Biodiversity},
  issn = {3005-0677},
  doi = {10.1038/s44358-025-00044-x},
  url = {https://www.nature.com/articles/s44358-025-00044-x},
}

@article{biggs2015,
  title = {Using {{eDNA}} to Develop a National Citizen Science-Based Monitoring Programme for the Great Crested Newt ({{Triturus}} Cristatus)},
  author = {Biggs, Jeremy and Ewald, Naomi and Valentini, Alice and Gaboriaud, Coline and Dejean, Tony and Griffiths, Richard A. and Foster, Jim and Wilkinson, John W. and Arnell, Andy and Brotherton, Peter and Williams, Penny and Dunn, Francesca},
  year = {2015},
  journaltitle = {Biological Conservation},
  volume = {183},
  pages = {19--28},
  issn = {00063207},
  doi = {10.1016/j.biocon.2014.11.029},
  url = {https://linkinghub.elsevier.com/retrieve/pii/S0006320714004546},
}

@article{thomas2020,
  title = {A System for Rapid {{eDNA}} Detection of Aquatic Invasive Species},
  author = {Thomas, Austen C. and Tank, Samantha and Nguyen, Phong L. and Ponce, Jake and Sinnesael, Mieke and Goldberg, Caren S.},
  year = {2020},
  journaltitle = {Environmental DNA},
  volume = {2},
  number = {3},
  pages = {261--270},
  issn = {2637-4943, 2637-4943},
  doi = {10.1002/edn3.25},
  url = {https://onlinelibrary.wiley.com/doi/10.1002/edn3.25},
}

@article{wilkinson2024,
  title = {{{TICI}}: A Taxon-Independent Community Index for {{eDNA-based}} Ecological Health Assessment},
  shorttitle = {{{TICI}}},
  author = {Wilkinson, Shaun P. and Gault, Amy A. and Welsh, Susan A. and Smith, Joshua P. and David, Bruno O. and Hicks, Andy S. and Fake, Daniel R. and Suren, Alastair M. and Shaffer, Megan R. and Jarman, Simon N. and Bunce, Michael},
  year = {2024},
  journaltitle = {PeerJ},
  volume = {12},
  pages = {e16963},
  issn = {2167-8359},
  doi = {10.7717/peerj.16963},
  url = {https://peerj.com/articles/16963},
}

@article{tillotson2018,
  title = {Concentrations of Environmental {{DNA}} ({{eDNA}}) Reflect Spawning Salmon Abundance at Fine Spatial and Temporal Scales},
  author = {Tillotson, Michael D. and Kelly, Ryan P. and Duda, Jeffrey J. and Hoy, Marshal and Kralj, James and Quinn, Thomas P.},
  year = {2018},
  journaltitle = {Biological Conservation},
  volume = {220},
  pages = {1--11},
  issn = {00063207},
  doi = {10.1016/j.biocon.2018.01.030},
  url = {https://linkinghub.elsevier.com/retrieve/pii/S0006320717313277},
}

@article{deiner2017,
  title = {Long‐range {{PCR}} Allows Sequencing of Mitochondrial Genomes from Environmental {{DNA}}},
  author = {Deiner, Kristy and Renshaw, Mark A. and Li, Yiyuan and Olds, Brett P. and Lodge, David M. and Pfrender, Michael E.},
  editor = {Yu, Douglas},
  year = {2017},
  journaltitle = {Methods in Ecology and Evolution},
  volume = {8},
  number = {12},
  pages = {1888--1898},
  issn = {2041-210X, 2041-210X},
  doi = {10.1111/2041-210X.12836},
  url = {https://besjournals.onlinelibrary.wiley.com/doi/10.1111/2041-210X.12836},
}

@article{clare2021,
  title = {{{eDNAir}}: Proof of Concept That Animal {{DNA}} Can Be Collected from Air Sampling},
  shorttitle = {{{eDNAir}}},
  author = {Clare, Elizabeth L. and Economou, Chloe K. and Faulkes, Chris G. and Gilbert, James D. and Bennett, Frances and Drinkwater, Rosie and Littlefair, Joanne E.},
  year = {2021},
  journaltitle = {PeerJ},
  volume = {9},
  pages = {e11030},
  issn = {2167-8359},
  doi = {10.7717/peerj.11030},
  url = {https://peerj.com/articles/11030},
}

@article{garrett2023,
  title = {Airborne {{eDNA}} Documents a Diverse and Ecologically Complex Tropical Bat and Other Mammal Community},
  author = {Garrett, Nina R. and Watkins, Jonathan and Simmons, Nancy B. and Fenton, Brock and Maeda‐Obregon, Alejandro and Sanchez, Daniel E. and Froehlich, Emma M. and Walker, Faith M. and Littlefair, Joanne E. and Clare, Elizabeth L.},
  year = {2023},
  journaltitle = {Environmental DNA},
  volume = {5},
  number = {2},
  pages = {350--362},
  issn = {2637-4943, 2637-4943},
  doi = {10.1002/edn3.385},
  url = {https://onlinelibrary.wiley.com/doi/10.1002/edn3.385},
}

@article{johnson2019,
  title = {Analyzing Airborne Environmental {{DNA}}: {{A}} Comparison of Extraction Methods, Primer Type, and Trap Type on the Ability to Detect Airborne {{eDNA}} from Terrestrial Plant Communities},
  shorttitle = {Analyzing Airborne Environmental {{DNA}}},
  author = {Johnson, Mark D. and Cox, Robert D. and Barnes, Matthew A.},
  year = {2019},
  journaltitle = {Environmental DNA},
  volume = {1},
  number = {2},
  pages = {176--185},
  issn = {2637-4943, 2637-4943},
  doi = {10.1002/edn3.19},
  url = {https://onlinelibrary.wiley.com/doi/10.1002/edn3.19},
}

@article{johnson2023,
  title = {Answers Blowing in the Wind: {{Detection}} of Birds, Mammals, and Amphibians with Airborne Environmental {{{\textsc{DNA}}}} in a Natural Environment over a Yearlong Survey},
  shorttitle = {Answers Blowing in the Wind},
  author = {Johnson, Mark D. and Barnes, Matthew A. and Garrett, Nina R. and Clare, Elizabeth L.},
  year = {2023},
  journaltitle = {Environmental DNA},
  volume = {5},
  number = {2},
  pages = {375--387},
  issn = {2637-4943, 2637-4943},
  doi = {10.1002/edn3.388},
  url = {https://onlinelibrary.wiley.com/doi/10.1002/edn3.388},
}

@dataset{lynggaard2021,
  title = {Airborne Environmental {{DNA}} for Terrestrial Vertebrate Community Monitoring},
  author = {Lynggaard, Christina},
  year = {2021},
  publisher = {University of Copenhagen},
  doi = {10.17894/UCPH.82E86C81-77CE-4172-8508-4BCA32D82892},
  url = {https://erda.ku.dk/archives/83c87a1dc0f0f20f6256143ec71cc493/published-archive.html},
}

@article{lynggaard2024,
  title = {Airborne Environmental {{{\textsc{DNA}}}} Captures Terrestrial Vertebrate Diversity in Nature},
  shorttitle = {Airborne Environmental},
  author = {Lynggaard, Christina and Frøslev, Tobias Guldberg and Johnson, Matthew S. and Olsen, Morten Tange and Bohmann, Kristine},
  year = {2024},
  journaltitle = {Molecular Ecology Resources},
  volume = {24},
  number = {1},
  pages = {e13840},
  issn = {1755-098X, 1755-0998},
  doi = {10.1111/1755-0998.13840},
  url = {https://onlinelibrary.wiley.com/doi/10.1111/1755-0998.13840},
}

@article{roger2022,
  title = {Airborne Environmental {{DNA}} Metabarcoding for the Monitoring of Terrestrial Insects—{{A}} Proof of Concept from the Field},
  author = {Roger, Fabian and Ghanavi, Hamid R. and Danielsson, Natalie and Wahlberg, Niklas and Löndahl, Jakob and Pettersson, Lars B. and Andersson, Georg K. S. and Boke Olén, Niklas and Clough, Yann},
  year = {2022},
  journaltitle = {Environmental DNA},
  volume = {4},
  number = {4},
  pages = {790--807},
  issn = {2637-4943, 2637-4943},
  doi = {10.1002/edn3.290},
  url = {https://onlinelibrary.wiley.com/doi/10.1002/edn3.290},
}

@article{klepke2022,
  title = {Accumulation and Diversity of Airborne, Eukaryotic Environmental {{{\textsc{DNA}}}}},
  shorttitle = {Accumulation and Diversity of Airborne, Eukaryotic Environmental},
  author = {Klepke, Martin Johannesen and Sigsgaard, Eva Egelyng and Jensen, Mads Reinholdt and Olsen, Kent and Thomsen, Philip Francis},
  year = {2022},
  journaltitle = {Environmental DNA},
  volume = {4},
  number = {6},
  pages = {1323--1339},
  issn = {2637-4943, 2637-4943},
  doi = {10.1002/edn3.340},
  url = {https://onlinelibrary.wiley.com/doi/10.1002/edn3.340},
}

@article{johnson2024,
  title = {Macrobial Airborne Environmental {{{\textsc{DNA}}}} Analysis: {{A}} Review of Progress, Challenges, and Recommendations for an Emerging Application},
  shorttitle = {Macrobial Airborne Environmental},
  author = {Johnson, Mark and Barnes, Matthew A.},
  year = {2024},
  journaltitle = {Molecular Ecology Resources},
  volume = {24},
  number = {7},
  pages = {e13998},
  issn = {1755-098X, 1755-0998},
  doi = {10.1111/1755-0998.13998},
  url = {https://onlinelibrary.wiley.com/doi/10.1111/1755-0998.13998},
}

@online{sullivan2023,
  title = {Airborne {{eDNA}} Captures Three Decades of Ecosystem Biodiversity},
  author = {Sullivan, Alexis R. and Karlsson, Edvin and Svensson, Daniel and Brindefalk, Björn and Villegas, Jose Antonio and Mikko, Amanda and Bellieny, Daniel and Siddique, Abu Bakar and Johansson, Anna-Mia and Grahn, Håkan and Sundell, David and Norman, Anita and Esseen, Per-Anders and Sjödin, Andreas and Singh, Navinder J and Brodin, Tomas and Forsman, Mats and Stenberg, Per},
  year = {2023},
  eprinttype = {Ecology},
  doi = {10.1101/2023.12.06.569882},
  url = {http://biorxiv.org/lookup/doi/10.1101/2023.12.06.569882},
  pubstate = {prepublished},
}

@online{tournayre2025,
  title = {First National Survey of Terrestrial Biodiversity Using Airborne {{eDNA}}},
  author = {Tournayre, Orianne and Littlefair, Joanne E. and Garrett, Nina R. and Allerton, James J. and Brown, Andrew S. and Cristescu, Melania E. and Clare, Elizabeth L.},
  year = {2025},
  eprinttype = {Ecology},
  doi = {10.1101/2025.04.07.647580},
  url = {http://biorxiv.org/lookup/doi/10.1101/2025.04.07.647580},
  pubstate = {prepublished},
}

@article{chen2024,
  title = {Contrasting Pollution Responses of Native and Non-Native Fish Communities in Anthropogenically Disturbed Estuaries Unveiled by {{eDNA}} Metabarcoding},
  author = {Chen, Wenjian and Wang, Junjie and Zhao, Yuqi and He, Yiyong and Chen, Jinlin and Dong, Chaoyu and Liu, Li and Wang, Jun and Zhou, Lei},
  year = {2024},
  journaltitle = {Journal of Hazardous Materials},
  volume = {480},
  pages = {136323},
  issn = {03043894},
  doi = {10.1016/j.jhazmat.2024.136323},
  url = {https://linkinghub.elsevier.com/retrieve/pii/S0304389424029029},
}

@article{ruiz-ramos2023,
  title = {Environmental {{DNA}} ({{eDNA}}) Detects Temporal and Habitat Effects on Community Composition and Endangered Species in Ephemeral Ecosystems: {{A}} Case Study in Vernal Pools},
  shorttitle = {Environmental {{DNA}} ({{eDNA}}) Detects Temporal and Habitat Effects on Community Composition and Endangered Species in Ephemeral Ecosystems},
  author = {Ruiz‐Ramos, Dannise V. and Meyer, Rachel S. and Toews, Daniel and Stephens, Molly and Kolster, Monique K. and Sexton, Jason P.},
  year = {2023},
  journaltitle = {Environmental DNA},
  volume = {5},
  number = {1},
  pages = {85--101},
  issn = {2637-4943, 2637-4943},
  doi = {10.1002/edn3.360},
  url = {https://onlinelibrary.wiley.com/doi/10.1002/edn3.360},
}

@article{wan2023,
  title = {Particle {{Size Matters}}: {{Distribution}}, {{Source}}, and {{Seasonality Characteristics}} of {{Airborne}} and {{Pathogenic Bacteria}} in {{Wastewater Treatment Plants}}},
  shorttitle = {Particle {{Size Matters}}},
  author = {Wan, Jianan and Zhang, Zhiruo and Huo, Yang and Wang, Xianze and Wang, Yifan and Wu, Jinghui and Huo, Mingxin},
  year = {2023},
  journaltitle = {Atmosphere},
  volume = {14},
  number = {3},
  pages = {465},
  issn = {2073-4433},
  doi = {10.3390/atmos14030465},
  url = {https://www.mdpi.com/2073-4433/14/3/465},
}

@article{duchemin2002,
  title = {Jet Formation in Bubbles Bursting at a Free Surface},
  author = {Duchemin, Laurent and Popinet, Stéphane and Josserand, Christophe and Zaleski, Stéphane},
  year = {2002},
  journaltitle = {Physics of Fluids},
  volume = {14},
  number = {9},
  pages = {3000--3008},
  issn = {1070-6631, 1089-7666},
  doi = {10.1063/1.1494072},
  url = {https://pubs.aip.org/pof/article/14/9/3000/255789/Jet-formation-in-bubbles-bursting-at-a-free},
}

@article{vandijk2003,
  title = {A Methodology to Study Rain Splash and Wash Processes under Natural Rainfall},
  author = {Van Dijk, A. I. J. M. and Bruijnzeel, L. A. and Eisma, E. H.},
  year = {2003},
  journaltitle = {Hydrological Processes},
  volume = {17},
  number = {1},
  pages = {153--167},
  issn = {0885-6087, 1099-1085},
  doi = {10.1002/hyp.1154},
  url = {https://onlinelibrary.wiley.com/doi/10.1002/hyp.1154},
}

@article{mueller2008,
  title = {Juvenile {{Coho Salmon Leaping Ability}} and {{Behavior}} in an {{Experimental Culvert Test Bed}}},
  author = {Mueller, Robert P. and Southard, Susan S. and May, Christopher W. and Pearson, Walter H. and Cullinan, Valerie I.},
  year = {2008},
  journaltitle = {Transactions of the American Fisheries Society},
  volume = {137},
  number = {4},
  pages = {941--950},
  issn = {0002-8487, 1548-8659},
  doi = {10.1577/T06-244.1},
  url = {https://academic.oup.com/tafs/article/137/4/941/7888500},
}

@article{stell2020,
  title = {Analyzing {{Leap Characteristics}} and {{Water Escape Velocities}} of {{Silver Carp Using In Situ Video Analysis}}},
  author = {Stell, E. and Hoover, J. J. and Fuller, L. and Parsons, G. R.},
  year = {2020},
  journaltitle = {North American Journal of Fisheries Management},
  volume = {40},
  number = {1},
  pages = {163--174},
  issn = {0275-5947, 1548-8675},
  doi = {10.1002/nafm.10388},
  url = {https://academic.oup.com/najfm/article/40/1/163/7817142},
}







@incollection{monahan1986,
  author       = {Monahan, E.C. and Spiel, D.E. and Davidson, K.L.},
  title        = {A Model of Marine Aerosol Generation Via Whitecaps and Wave Disruption},
  booktitle    = {Oceanic Whitecaps},
  editor       = {Monahan, E.C. and Niocaill, G.M.},
  year         = {1986},
  publisher    = {Springer},
  address      = {Dordrecht},
  series       = {Oceanographic Sciences Library},
  volume       = {2},
  doi          = {10.1007/978-94-009-4668-2_16},
  isbn         = {978-94-009-4668-2}
}

@book{seinfeld2016,
  author    = {Seinfeld, John H. and Pandis, Spyros N.},
  title     = {Atmospheric Chemistry and Physics: From Air Pollution to Climate Change},
  edition   = {3},
  year      = {2016},
  publisher = {Wiley},
  isbn      = {978-1-118-94740-1}
}



























@article{gilbey2021,
	author = {Gilbey, John and Carvalho, Gary and Castilho, Rita and Coscia, Ilaria and Coulson, Mark W. and Dahle, Geir and Derycke, Sofie and Francisco, Sara M. and Helyar, Sarah J. and Johansen, Torild and Junge, Claudia and Layton, Kara K.S. and Martinsohn, Jann and Matejusova, Iveta and Robalo, Joana I. and Rodr{\'\i}guez-Ezpeleta, Naiara and Silva, Gon{\c c}alo and Strammer, Ilona and Vasem{\"a}gi, Anti and Volckaert, Filip A.M.},
	doi = {10.1016/j.marpol.2020.104331},
	journal = {Marine Policy},
	title = {Life in a Drop: {{Sampling}} Environmental {{DNA}} for Marine Fishery Management and Ecosystem Monitoring},
	volume = {124},
	pages = {104331},
	year = {2021}} 

@article{valsecchi2020,
	author = {Valsecchi, Elena and Bylemans, Jonas and Goodman, Simon J. and Lombardi, Roberto and Carr, Ian and Castellano, Laura and Galimberti, Andrea and Galli, Paolo},
	doi = {10.1002/edn3.72},
	journal = {Environmental DNA},
	number = {4},
	pages = {460--476},
	title = {Novel Universal Primers for Metabarcoding Environmental {{DNA}} Surveys of Marine Mammals and Other Marine Vertebrates},
	url = {https://onlinelibrary.wiley.com/doi/10.1002/edn3.72},
	volume = {2},
	year = {2020}}

@article{gloor2017,
	author = {Gloor, Gregory B. and Macklaim, Jean M. and Pawlowsky-Glahn, Vera and Egozcue, Juan J.},
	doi = {10.3389/fmicb.2017.02224},
	journal = {Frontiers in Microbiology},
	pages = {2224},
	title = {Microbiome {{Datasets Are Compositional}}: {{And This Is Not Optional}}},
	url = {http://journal.frontiersin.org/article/10.3389/fmicb.2017.02224/full},
	volume = {8},
	year = {2017}} 

@article{altschul1990,
	author = {Altschul, Stephen F. and Gish, Warren and Miller, Webb and Myers, Eugene W. and Lipman, David J.},
	doi = {10.1016/S0022-2836(05)80360-2},
	journal = {Journal of Molecular Biology},
	number = {3},
	pages = {403-410},
	title = {Basic Local Alignment Search Tool},
	volume = {215},
	year = {1990}}



@article{allan2023,
	author = {Allan, Elizabeth Andruszkiewicz and Kelly, Ryan P. and D'Agnese, Erin R. and Garber‐Yonts, Maya N. and Shaffer, Megan R. and Gold, Zachary J. and Shelton, Andrew O.},
	doi = {10.1002/eap.2914},
	journal = {Ecological Applications},
	number = {8},
	pages = {e2914},
	title = {Quantifying Impacts of an Environmental Intervention Using Environmental {{DNA}}},
	url = {https://esajournals.onlinelibrary.wiley.com/doi/10.1002/eap.2914},
	volume = {33},
	year = {2023}} 

@article{andres2022,
	author = {Andres, Kara J. and Lambert, Timothy D. and Lodge, David M. and Andr{\'e}s, Jose and Jackson, James R.},
	doi = {10.1002/edn3.366},
	journal = {Environmental DNA},
	pages = {edn3.366},
	title = {Combining Sampling Gear to Optimally Inventory Species Highlights the Efficiency of {{eDNA}} Metabarcoding},
	url = {https://onlinelibrary.wiley.com/doi/10.1002/edn3.366},
	volume = {5},
	number = {1},
	year = {2022}} 

@article{laidig2007,
	author = {Laidig, T. E. and Chess, J. R. and Howard, D.F.},
	journal = {Fisheries Bulletin},
	number = {39-48},
	title = {Relationship between abundance of juvenile rockfishes (Sebastes spp.) and environmental variables documented off northern {{California}} and potential mechanisms for the covariation},
	volume = {105},
	pages = {39–48},
	year = {2007}} 

@article{hunter1990,
	author = {Hunter, John R. and Butler, John L. and Kimbrell, Carol and Lynn, Eric},
	title = {Bathymetric Patterns in Size, Age, Sexual Maturity, Water Content, and Caloric Density of {{Dover}} Sole, {{Microstomus}} Pacificus},
	volume = {31},
	pages = {132–144},
	year = {1990}} 



@article{mclaren2019,
	author = {McLaren, Michael R and Willis, Amy D and Callahan, Benjamin J},
	doi = {10.7554/eLife.46923},
	journal = {eLife},
	title = {Consistent and Correctable Bias in Metagenomic Sequencing Experiments},
	url = {https://elifesciences.org/articles/46923},
	volume = {8},
	pages ={e46923},
	year = {2019}} 

@article{litz2008,
	author = {Litz, Marisa N. C. and Heppell, Selina A. and Emmett, Robert L. and Brodeur, Richard D.},
	title = {Ecology and Distribution of the Northern Subpopulation of Northern Anchovy ({{Engraulis}} Mordax) off the {{U}}.{{S}}. West Coast},
	volume = {49},
	pages = {167–182},
	year = {2008}} 

@article{miya2015,
	author = {Miya, M. and Sato, Y. and Fukunaga, T. and Sado, T. and Poulsen, J. Y. and Sato, K. and Minamoto, T. and Yamamoto, S. and Yamanaka, H. and Araki, H. and Kondoh, M. and Iwasaki, W.},
	doi = {10.1098/rsos.150088},
	journal = {Royal Society Open Science},
	title = {{{MiFish}}, a Set of Universal {{PCR}} Primers for Metabarcoding Environmental {{DNA}} from Fishes: {{Detection}} of More than 230 Subtropical Marine Species},
	volume = {2},
	pages = {150088},
	year = {2015}} 

@article{stoeckle2022a,
	author = {Stoeckle, Mark Y. and Ausubel, Jesse H. and Coogan, Michael},
	doi = {10.1002/edn3.376},
	journal = {Environmental DNA},
	title = {{{12S}} Gene Metabarcoding with {{DNA}} Standard Quantifies Marine Bony Fish Environmental {{{\textsc{DNA}}}} , Identifies Threshold for Reproducible Detection, and Overcomes Distortion Due to Amplification of Non‐fish {{DNA}}},
	url = {https://onlinelibrary.wiley.com/doi/10.1002/edn3.376},
	volume = {6},
	number = {1},
	pages = {e376},
	year = {2022}} 

@article{strickler2015,
	author = {Strickler, Katherine M. and Fremier, Alexander K. and Goldberg, Caren S.},
	doi = {10.1016/j.biocon.2014.11.038},
	journal = {Biological Conservation},
	publisher = {Elsevier Ltd},
	title = {Quantifying Effects of {{UV-B}}, Temperature, and {{pH}} on {{eDNA}} Degradation in Aquatic Microcosms},
	url = {http://dx.doi.org/10.1016/j.biocon.2014.11.038},
	volume = {183},
	pages = {85–92},
	year = {2015}} 



@article{quigley2024,
	author = {Quigley, La and Franks, Pjs and Thompson, Ar and Field, Jc and Santora, Ja},
	doi = {10.3354/meps14718},
	journal = {Marine Ecology Progress Series},
	title = {Quantifying the Fates and Retention of Larval Rockfish through {{Lagrangian}} Analyses},
	url = {https://www.int-res.com/abstracts/meps/v749/p109-125/},
	volume = {749},
	pages = {109–125},
	year = {2024}} 

@article{andruszkiewiczallan2021,
	author = {Andruszkiewicz Allan, Elizabeth and Zhang, Weifeng Gordon and C. Lavery, Andone and F. Govindarajan, Annette},
	doi = {10.1002/edn3.141},
	journal = {Environmental DNA},
	pages = {492-514},
	number = {2},
	title = {Environmental {{DNA}} Shedding and Decay Rates from Diverse Animal Forms and Thermal Regimes},
	url = {https://onlinelibrary.wiley.com/doi/10.1002/edn3.141},
	volume = {3},
	year = {2021}} 

@article{baetscher2023,
	author = {Baetscher, Diana S. and Nuetzel, Hayley M. and Garza, John Carlos},
	doi = {10.1007/s10592-023-01521-6},
	journal = {Conservation Genetics},
	title = {Highly Accurate Species Identification of {{Eastern Pacific}} Rockfishes ({{Sebastes}} Spp.) with High-Throughput {{DNA}} Sequencing},
	url = {https://link.springer.com/10.1007/s10592-023-01521-6},
	volume = {24},
	number = {5},
	pages = {563–574},
	year = {2023}} 

@article{bosley2014,
	author = {Bosley, Keith L. and Miller, Todd W. and Brodeur, Richard D. and Bosley, Katelyn M. and Van Gaest, Ahna and Elz, Anna},
	doi = {10.1007/s00227-014-2513-8},
	journal = {Marine Biology},
	pages = {2381-2393},
	title = {Feeding Ecology of Juvenile Rockfishes off {{Oregon}} and {{Washington}} Based on Stomach Content and Stable Isotope Analyses},
	url = {http://link.springer.com/10.1007/s00227-014-2513-8},
	volume = {161},
	number = {10},
	year = {2014}} 

@article{brodziak2000,
	author = {Brodziak, Jon and Mikus, Robert},
	title = {{{Variation}} in life history parameters of {{Dover}} sole, {{Microstomus}} pacificus, off the coasts of {{Washington}}, {{Oregon}}, and northern {{California}}},
	volume = {98},
	number = {4},
	pages = {661-673},
	url={https://api.semanticscholar.org/CorpusID:88240570},
	year = {2000}} 

@article{callahan2016,
	author = {Callahan, Benjamin J. and McMurdie, Paul J. and Rosen, Michael J. and Han, Andrew W. and Johnson, Amy Jo A. and Holmes, Susan P.},
	doi = {10.1038/nmeth.3869},
	journal = {Nature Methods},
	pages = {581-583},
	title = {{{DADA2}}: {{High-resolution}} Sample Inference from {{Illumina}} Amplicon Data},
	url = {https://www.nature.com/articles/nmeth.3869},
	volume = {13},
	number = {7},
	year = {2016}} 

@article{collins2018,
	author = {Collins, Rupert A. and Wangensteen, Owen S. and O'Gorman, Eoin J. and Mariani, Stefano and Sims, David W. and Genner, Martin J.},
	doi = {10.1038/s42003-018-0192-6},
	journal = {Communications Biology},
	number = {1},
	pages = {185},
	title = {Persistence of Environmental {{DNA}} in Marine Systems},
	url = {https://www.nature.com/articles/s42003-018-0192-6},
	volume = {1},
	year = {2018}} 

@article{diaz2020,
	author = {D{\'\i}az, Cecilia and Wege, Franziska-Frederike and Tang, Cuong Q. and Crampton-Platt, Alexandra and R{\"u}del, Heinz and Eilebrecht, Elke and Koschorreck, Jan},
	doi = {10.1038/s41598-020-71238-w},
	journal = {Scientific Reports},
	number = {1},
	pages = {14352},
	title = {Aquatic Suspended Particulate Matter as Source of {{eDNA}} for Fish Metabarcoding},
	url = {https://www.nature.com/articles/s41598-020-71238-w},
	volume = {10},
	year = {2020}} 

@article{dibattista2022,
	author = {Joseph D. DiBattista and Ashley M. Fowler and Indiana J. Riley and Sally Reader and Amanda Hay and Kerryn Parkinson and Jean-Paul A. Hobbs},
	doi = {10.1016/j.marpolbul.2022.113860},
	journal = {Marine Pollution Bulletin},
	pages = {113860},
	title = {The Use of Environmental {{DNA}} to Monitor Impacted Coastal Estuaries},
	url = {https://linkinghub.elsevier.com/retrieve/pii/S0025326X22005422},
	volume = {181},
	year = {2022}} 

@article{drazen2007,
	author = {Drazen, J.C.},
	doi = {10.1016/j.dsr.2006.10.007},
	journal = {Deep Sea Research Part I: Oceanographic Research Papers},
	number = {2},
	pages = {203-219},
	title = {Depth Related Trends in Proximate Composition of Demersal Fishes in the Eastern {{North Pacific}}},
	url = {https://linkinghub.elsevier.com/retrieve/pii/S0967063706002925},
	volume = {54},
	year = {2007}} 

@article{drazen2012,
	author = {Drazen, Jeffrey C. and Haedrich, Richard L.},
	doi = {10.1016/j.dsr.2011.11.002},
	journal = {Deep Sea Research Part I: Oceanographic Research Papers},
	pages = {34-42},
	title = {A Continuum of Life Histories in Deep-Sea Demersal Fishes},
	url = {https://linkinghub.elsevier.com/retrieve/pii/S0967063711001993},
	volume = {61},
	year = {2012}} 

@article{gloor2017,
	author = {Gloor, Gregory B. and Macklaim, Jean M. and Pawlowsky-Glahn, Vera and Egozcue, Juan J.},
	doi = {10.3389/fmicb.2017.02224},
	journal = {Frontiers in Microbiology},
	pages = {2224},
	title = {Microbiome {{Datasets Are Compositional}}: {{And This Is Not Optional}}},
	url = {http://journal.frontiersin.org/article/10.3389/fmicb.2017.02224/full},
	volume = {8},
	year = {2017}} 

@article{gold2023,
	author = {Gold, Zachary and Shelton, Andrew Olaf and Casendino, Helen R. and Duprey, Joe and Gallego, Ram{\'o}n and Van Cise, Amy and Fisher, Mary and Jensen, Alexander J. and D'Agnese, Erin and Andruszkiewicz Allan, Elizabeth and Ram{\'o}n-Laca, Ana and Garber-Yonts, Maya and Labare, Michaela and Parsons, Kim M. and Kelly, Ryan P.},
	doi = {10.1371/journal.pone.0285674},
	journal = {PLOS ONE},
	pages = {e0285674},
	title = {Signal and Noise in Metabarcoding Data},
	url = {https://dx.plos.org/10.1371/journal.pone.0285674},
	volume = {18},
	number = {5},
	year = {2023}} 

@article{hickey2003,
	author = {Hickey, Barbara M. and Banas, Neil S.},
	doi = {10.1007/BF02803360},
	journal = {Estuaries},
	pages = {1010-1031},
	title = {Oceanography of the {{U}}.{{S}}. {{Pacific Northwest Coastal Ocean}} and Estuaries with Application to Coastal Ecology},
	url = {http://link.springer.com/10.1007/BF02803360},
	volume = {26},
	number = {4},
	year = {2003}} 

@article{hickey2005,
	author = {Hickey, B. and Geier, S. and Kachel, N. and MacFadyen, A.},
	doi = {10.1016/j.csr.2005.04.010},
	journal = {Continental Shelf Research},
	pages = {1631-1656},
	title = {A Bi-Directional River Plume: {{The Columbia}} in Summer},
	volume = {25},
	number = {14},
	year = {2005}} 

@article{hickey2010,
	author = {Hickey, B. M. and Kudela, R. M. and Nash, J. D. and Bruland, K. W. and Peterson, W. T. and MacCready, P. and Lessard, E. J. and Jay, D. A. and Banas, N. S. and Baptista, A. M. and Dever, E. P. and Kosro, P. M. and Kilcher, L. K. and Horner‐Devine, A. R. and Zaron, E. D. and McCabe, R. M. and Peterson, J. O. and Orton, P. M. and Pan, J. and Lohan, M. C.},
	doi = {10.1029/2009JC005452},
	journal = {Journal of Geophysical Research: Oceans},
	pages = {C00B17},
	title = {River {{Influences}} on {{Shelf Ecosystems}}: {{Introduction}} and Synthesis},
	url = {https://agupubs.onlinelibrary.wiley.com/doi/10.1029/2009JC005452},
	volume = {115},
	year = {2010}} 

@article{jo2019b,
	author = {Jo, Toshiaki and Murakami, Hiroaki and Yamamoto, Satoshi and Masuda, Reiji and Minamoto, Toshifumi},
	doi = {10.1002/ece3.4802},
	journal = {Ecology and Evolution},
	title = {Effect of Water Temperature and Fish Biomass on Environmental {{DNA}} Shedding, Degradation, and Size Distribution},
	volume = {9},
	number = {3},
	pages = {1135-1146},
	year = {2019}} 

@article{kaplan2019,
	author = {Kaplan, Ic and Francis, Tb and Punt, Ae and Koehn, Le and Curchitser, E and Hurtado-Ferro, F and Johnson, Kf and Lluch-Cota, Se and Sydeman, Wj and Essington, Te and Taylor, N and Holsman, K and MacCall, Ad and Levin, Ps},
	doi = {10.3354/meps12504},
	journal = {Marine Ecology Progress Series},
	title = {A Multi-Model Approach to Understanding the Role of {{Pacific}} Sardine in the {{California Current}} Food Web},
	url = {https://www.int-res.com/abstracts/meps/v617-618/p307-321/},
	volume = {617-618},
	pages = {307-321},
	year = {2019}} 

@article{tolimieri2015,
	author = {Tolimieri, N. and Shelton, A. O. and Feist, B. E. and Simon, V.},
	doi = {10.1890/ES14-00363.1},
	journal = {Ecosphere},
	pages = {1-13},
	title = {Can We Increase Our Confidence about the Locations of Biodiversity `hotspots' by Using Multiple Diversity Indices?},
	volume = {6},
	number = {12},
	year = {2015}} 

@unpublished{valdiviacarrillo2025,
    author = {Valdivia-Carrillo, Tania and Shaffer, Megan and Parsons, Kim and Jacobson, Eiren K. and Shelton, Andrew O and Im, Ally and Nichols, Krista M and Wells, Abigail Wells and Ram{\'o}n-Laca, Ana and Kelly, Ryan P. and Van Cise, Amy},
    title = {Leveraging metabarcoding and generalized additive models to describe cetacean eDNA distribution along the Washington State coast using opportunistic samples},
    note = {In Revision}}

@article{veilleux2021,
	author = {Veilleux, Heather D. and Misutka, Melissa D. and Glover, Chris N.},
	doi = {10.1016/j.scitotenv.2021.146891},
	journal = {Science of The Total Environment},
	pages = {146891},
	title = {Environmental {{DNA}} and Environmental {{RNA}}: {{Current}} and Prospective Applications for Biological Monitoring},
	url = {https://linkinghub.elsevier.com/retrieve/pii/S0048969721019616},
	volume = {782},
	year = {2021}} 

@article{vetter1994,
	author = {Vetter, R. D. and Lynn, E. A. and Garza, M. and Costa, A. S.},
	doi = {10.1007/BF00381950},
	journal = {Marine Biology},
	number = {1},
	pages = {145-159},
	title = {Depth Zonation and Metabolic Adaptation in {{Dover}} Sole, {{Microstomus}} Pacificus, and Other Deep-Living Flatfishes: Factors That Affect the Sole},
	volume = {120},
	year = {1994}} 

@article{willis1982,
	author = {Willis, J. M. and Pearcy, W. G.},
	doi = {10.1007/BF00397299},
	journal = {Marine Biology},
	number = {1},
	pages = {87-98},
	title = {Vertical Distribution and Migration of Fishes of the Lower Mesopelagic Zone off {{Oregon}}},
	url = {http://link.springer.com/10.1007/BF00397299},
	volume = {70},
	year = {1982}} 
	
@article{zwolinski2024,
	author = {Zwolinski, Juan P. and Demer, David A.},
	doi = {10.1111/fog.12664},
	journal = {Fisheries Oceanography},
	number = {3},
	pages = {e12664},
	title = {An Updated Model of Potential Habitat for Northern Stock {Pacific} sardine (\textit{Sardinops sagax}) and Its Use for Attributing Survey Observations and Fishery Landings},
	url = {https://onlinelibrary.wiley.com/doi/10.1111/fog.12664},
	volume = {33},
	year = {2024}} 

@article{shaw2019,
	author = {Shaw, Jennifer L. A. and Weyrich, Laura S. and Hallegraeff, Gustaaf and Cooper, Alan},
	doi = {10.1111/mec.15055},
	issn = {0962-1083, 1365-294X},
	journal = {Molecular Ecology},
	pages = {2476-2485},
	title = {Retrospective {{eDNA}} Assessment of Potentially Harmful Algae in Historical Ship Ballast Tank and Marine Port Sediments},
	url = {https://onlinelibrary.wiley.com/doi/10.1111/mec.15055},
	volume = {28},
	number = {10},
	year = {2019}} 

@article{shelton2022,
	author = {Shelton, Andrew Olaf and Ram{\'o}n-Laca, Ana and Wells, Abigail and Clemons, Julia and Chu, Dezhang and Feist, Blake E. and Kelly, Ryan P. and Parker-Stetter, Sandra L. and Thomas, Rebecca and Nichols, Krista M. and Park, Linda},
	doi = {10.1098/rspb.2021.2613},
	journal = {Proceedings of the Royal Society B: Biological Sciences},
	number = {1971},
	pages = {20212613},
	title = {Environmental {{DNA}} Provides Quantitative Estimates of {{Pacific}} Hake Abundance and Distribution in the Open Ocean},
	volume = {289},
	year = {2022}} 

@article{smith2002,
	author = {Smith, Katherine F. and Brown, James H.},
	doi = {10.1046/j.1466-822X.2002.00286.x},
	issn = {1466-822X, 1466-8238},
	journal = {Global Ecology and Biogeography},
	pages = {313-322},
	title = {Patterns of Diversity, Depth Range and Body Size among Pelagic Fishes along a Gradient of Depth},
	url = {https://onlinelibrary.wiley.com/doi/10.1046/j.1466-822X.2002.00286.x},
	volume = {11},
	number = {4},
	year = {2002}} 

@article{moku2000,
	author = {Moku, M and Kawaguchi, K and Watanabe, H and Ohno, A},
	doi = {10.3354/meps207129},
	journal = {Marine Ecology Progress Series},
	pages = {129-140},
	title = {Feeding Habits of Three Dominant Myctophid Fishes, {{Diaphus}} Theta, {{Stenobrachius}} Leucopsarus and {{S}}. Nannochir, in the Subarctic and Transitional Waters of the Western {{North Pacific}}},
	url = {http://www.int-res.com/abstracts/meps/v207/p129-140/},
	volume = {207},
	year = {2000}} 

@article{muenzel2024,
	author = {Muenzel, Dominic and Bani, Alessia and De Brauwer, Maarten and Stewart, Eleanor and Djakiman, Cilun and {Halwi} and Purnama, Ray and Yusuf, Syafyuddin and Santoso, Prakas and Hukom, Frensly D. and Struebig, Matthew and Jompa, Jamaluddin and Limmon, Gino and Dumbrell, Alex and Beger, Maria},
	doi = {10.1073/pnas.2307214121},
	journal = {Proceedings of the National Academy of Sciences},
	pages = {e2307214121},
	title = {Combining Environmental {{DNA}} and Visual Surveys Can Inform Conservation Planning for Coral Reefs},
	volume = {121},
	number = {17},
	year = {2024}} 

@article{ono2016,
	author = {Ono, Kotaro and Shelton, Andrew O. and Ward, Eric J. and Thorson, James T. and Feist, Blake E. and Hilborn, Ray},
	doi = {10.1890/14-1874},
	journal = {Ecological Applications},
	pages = {392-406},
	title = {Space‐time Investigation of the Effects of Fishing on Fish Populations},
	url = {https://esajournals.onlinelibrary.wiley.com/doi/10.1890/14-1874},
	volume = {26},
	number = {2},
	year = {2016}} 

@article{parnel2008,
	author = {Parnel, Maria M. and Emmett, Robert L. and Brodeur, Richard D.},
	journal = {Fishery Bulletin},
	number = {2},
	pages = {161-173},
	title = {Ichthyoplankton Community in the {{Columbia River}} Plume off {{Oregon}}: Effects of Fluctuating Oceanographic Conditions},
	volume = {106},
	year = {2008}} 

@article{pont2024,
	author = {Pont, Didier},
	doi = {10.1111/1755-0998.13934},
	journal = {Molecular Ecology Resources},
	title = {Predicting Downstream Transport Distance of Fish {{eDNA}} in Lotic Environments},
	url = {https://onlinelibrary.wiley.com/doi/10.1111/1755-0998.13934},
	volume = {24},
	number = {4},
	pages = {e13934},
	year = {2024}} 

@article{ramon-laca2021,
	author = {Ram{\'o}n-Laca, Ana and Wells, Abigail and Park, Linda},
	doi = {10.1371/journal.pone.0257773},
	journal = {PLOS ONE},
	title = {A Workflow for the Relative Quantification of Multiple Fish Species from Oceanic Water Samples Using Environmental {{DNA}} ({{eDNA}}) to Support Large-Scale Fishery Surveys},
	url = {https://dx.plos.org/10.1371/journal.pone.0257773},
	volume = {16},
	pages = {e0257773},
	number = {9},
	year = {2021}} 

@article{stoeckle2024,
	author = {Stoeckle, Mark Y. and Ausubel, Jesse H. and Hinks, Greg and VanMorter, Stacy M.},
	doi = {10.1371/journal.pone.0313170},
	journal = {PLOS ONE},
	pages = {e0313170},
	title = {A Potential Tool for Marine Biogeography: {{eDNA-dominant}} Fish Species Differ among Coastal Habitats and by Season Concordant with Gear-Based Assessments},
	volume = {19},
	number = {11},
	year = {2024}} 

@article{suntsov2008,
	author = {Suntsov, Andrey V. and Brodeur, Richard D.},
	doi = {10.3354/meps07678},
	journal = {Marine Ecology Progress Series},
	title = {Trophic Ecology of Three Dominant Myctophid Species in the Northern {{California Current}} Region},
	volume = {373},
	pages = {81-96},
	year = {2008}} 

@phdthesis{reynolds2001,
	school = {University of California, Berkeley},
	title = {Habitat Associations and Distribution of Widow Rockfish, \textit{Sebastes entomelas}, with Implications for Marine Reserve Design},
	url = {https://www.proquest.com/dissertations-theses/habitat-associations-distribution-widow-rockfish/docview/304683138/se-2?accountid=14784},
	year = {2001}}

@article{somers2018,
	author = {Somers, Kayleigh A. and Pfeiffer, Lisa and Miller, Stacey and Morrison, Wendy},
	doi = {10.1080/08920753.2018.1522492},
	journal = {Coastal Management},
	pages = {621-637},
	title = {Using {{Incentives}} to {{Reduce Bycatch}} and {{Discarding}}: {{Results Under}} the {{West Coast Catch Share Program}}},
	url = {https://www.tandfonline.com/doi/full/10.1080/08920753.2018.1522492},
	volume = {46},
	number = {6},
	year = {2018}} 

@article{maes2023,
	author = {Maes, Sarah M. and Desmet, Sam and Brys, Rein and Sys, Klaas and Ruttink, Tom and Maes, Sara and Hostens, Kris and Vansteenbrugge, Lies and Derycke, Sofie},
	doi = {10.1002/edn3.426},
	journal = {Environmental DNA},
	title = {Detection and Quantification of Two Commercial Flatfishes \textit{Solea solea} and \textit{Pleuronectes platessa} in the {{North Sea}} Using Environmental {{DNA}}},
	url = {https://onlinelibrary.wiley.com/doi/10.1002/edn3.426},
	volume = {6},
	number = {1},
	pages = {e426},
	year = {2024}} 

@article{kelly2024,
	author = {Kelly, Ryan P. and Lodge, David M. and Lee, Kai N. and Theroux, Susanna and Sepulveda, Adam J. and Scholin, Christopher A. and Craine, Joseph M. and Andruszkiewicz~Allan, Elizabeth and Nichols, Krista M. and Parsons, Kim M. and Goodwin, Kelly D. and Gold, Zachary and Chavez, Francisco P. and Noble, Rachel T. and Abbott, Cathryn L. and Baerwald, Melinda R. and Naaum, Amanda M. and Thielen, Peter M. and Simons, Ariel Levi and Jerde, Christopher L. and Duda, Jeffrey J. and Hunter, Margaret E. and Hagan, John A. and Meyer, Rachel Sarah and Steele, Joshua A. and Stoeckle, Mark Y. and Bik, Holly M. and Meyer, Christopher P. and Stein, Eric and James, Karen E. and Thomas, Austen C. and Demir‐Hilton, Elif and Timmers, Molly A. and Griffith, John F. and Weise, Michael J. and Weisberg, Stephen B.},
	doi = {10.1002/edn3.432},
	journal = {Environmental DNA},
	pages = {e432},
	title = {Toward a National {{{\textsc{eDNA}}}} Strategy for the {{United States}}},
	url = {https://onlinelibrary.wiley.com/doi/10.1002/edn3.432},
	volume = {6},
	number = {1},
	year = {2024}} 

@article{kelly2019,
	author = {Kelly, Ryan P. and Shelton, Andrew Olaf and Gallego, Ram{\'o}n},
	doi = {10.1038/s41598-019-48546-x},
	journal = {Scientific Reports},
	pages = {12133},
	title = {Understanding {{PCR Processes}} to {{Draw Meaningful Conclusions}} from {{Environmental DNA Studies}}},
	volume = {9},
	number = {1},
	year = {2019}} 

@article{kim2011,
	author = {Kim, Sangil and Barth, John A.},
	doi = {10.1029/2010JC006741},
	journal = {Journal of Geophysical Research},
	pages = {C06002},
	title = {Connectivity and Larval Dispersal along the {{Oregon}} Coast Estimated by Numerical Simulations},
	url = {http://doi.wiley.com/10.1029/2010JC006741},
	volume = {116},
	number = {C6},
	year = {2011}} 

@article{ledger2024,
	author = {Ledger, Kimberly J. and Hicks, Mary Beth Rew and Hurst, Thomas P. and Larson, Wes and Baetscher, Diana S.},
	doi = {10.1002/edn3.70030},
	journal = {Environmental DNA},
	pages = {e70030},
	title = {Validation of {{Environmental}} {{{\textsc{DNA}}}} for {{Estimating Proportional}} and {{Absolute Biomass}}},
	volume = {6},
	number = {5},
	year = {2024}} 

@article{liu2023,
	author = {Owen R. Liu  and Eric J. Ward  and Sean C. Anderson  and Kelly S. Andrews  and Lewis A. K. Barnett  and Stephanie Brodie  and Gemma Carroll  and Jerome Fiechter  and Melissa A. Haltuch  and Chris J. Harvey  and Elliott L. Hazen  and Pierre-Yves Hernvann  and Michael Jacox  and Isaac C. Kaplan  and Sean Matson  and Karma Norman  and Mercedes Pozo Buil  and Rebecca L. Selden  and Andrew Shelton  and Jameal F. Samhouri },
	doi = {10.1126/sciadv.adg5468},
	journal = {Science Advances},
	pages = {eadg5468},
	title = {Species Redistribution Creates Unequal Outcomes for Multispecies Fisheries under Projected Climate Change},
	volume = {9},
	number = {33},
	year = {2023}} 

@article{kawaguchi1993,
	author = {Kouichi Kawaguchi and H.Geoffrey Moser},
	doi = {10.11369/jji1950.40.161},
	journal = {Japanese Journal of Ichthyology},
	number = {2},
	pages = {161-172},
	title = {Development and Distribution of the Early Life History Stages of the Mesopelagic Fish <I>Tactostoma macropus</I> (Stomiidae) in the Transitional Waters of the North Pacific},
	volume = {40},
	year = {1993}} 

@article{machler2018,
	author = {M{\"a}chler, Elvira and Osathanunkul, Maslin and Altermatt, Florian},
	doi = {10.1371/journal.pone.0195529},
	editor = {Doi, Hideyuki},
	journal = {PLOS ONE},
	pages = {e0195529},
	title = {Shedding Light on {{eDNA}}: Neither Natural Levels of {{UV}} Radiation nor the Presence of a Filter Feeder Affect {{eDNA-based}} Detection of Aquatic Organisms},
	url = {https://dx.plos.org/10.1371/journal.pone.0195529},
	volume = {13},
	number ={4},
	year = {2018}} 

@article{martin2011,
	author = {Martin, Marcel},
	doi = {10.14806/ej.17.1.200},
	journal = {EMBnet.journal},
	title = {Cutadapt Removes Adapter Sequences from High-Throughput Sequencing Reads},
	volume = {17},
	number = {1},
	pages = {10},
	year = {2011}} 

@techreport{adams2019a,
	author = {Adams, Grant D and Kapur, Maia and McQuaw, Kristin and Thurner, Stephanie and Hamel, Owen and Stephens, Andi and Wetzel, Chantel},
	institution = {Pacific Fishery Management Council, Portland, Oregon.},
	title = {Stock {{Assessment Update}}: {{Status}} of {{Widow Rockfish}} ({{Sebastes}} Entomelas) {{Along}} the {{U}}.{{S}}. {{West Coast}} in 2019},
	type = {Stock Assessment Update},
	year = {2019}}

@techreport{keller2017,
    author = {Keller, A A and Wallace, J R and Methot, Richard D},
	institution = {U.S. Department of Commerce, NOAA Technical Memorandum},
	title = {The Northwest Fisheries Science Center's West Coast Groundfish Bottom Trawl Survey: History, Design, and Description.},
	type = {NMFS-NWFSC-136},
	year = {2017}}

@techreport{kuriyama2022b,
	author = {Kuriyama, Peter T. and Zwolinski, Juan P. and Hill, Kevin T.},
	institution = {U.S. Department of Commerce, NOAA Technical Memorandum},
	number = {NMFS-SWFSC-662},
	title = {Update Assessment of the Pacific sardine resource in 2022 for U.S. management in 2022-2023},
	year = {2022}}

@techreport{kuriyama2022,
	author = {Kuriyama, Peter T. and Zwolinski, Juan P. and Teo, Steve L.H. and Hill, Kevin T.},
	institution = {U.S. Department of Commerce, NOAA Technical Memorandum},
	number = {NMFS-SWFSC-665},
	title = {Assessment of the northern anchovy (Engraulis mordax) central subpopulation in 2021 for U.S. management},
	year = {2022}}

@techreport{deblois2020,
	author = {de Blois, Steve},
	institution = {U.S. Department of Commerce, NOAA Processed Report},
	title = {The 2019 Joint U.S.-Canada Integrated Ecosystem and Pacific Hake Acoustic-Trawl Survey: Cruise Report SH-19-06},
	type = {NMFS-NWFSC-PR-2020-03},
	year = {2020}} 

@misc{anderson2022,
	author = {Anderson, Sean C. and Ward, Eric J. and English, Philina A. and Barnett, Lewis A. K. and Thorson, James T.},
	doi = {10.1101/2022.03.24.485545},
	journal = {bioRxiv},
	title = {{{sdmTMB}}: {{An R Package}} for {{Fast}}, {{Flexible}}, and {{User-Friendly Generalized Linear Mixed Effects Models}} with {{Spatial}} and {{Spatiotemporal Random Fields}}},
	url = {http://biorxiv.org/lookup/doi/10.1101/2022.03.24.485545},
	year = {2022}} 

@inproceedings{Pikitch2012,
	author = {Ellen K. Pikitch and P. Dee Boersma and Ian L. Boyd and David O. Conover and Philippe M. Cury and Timothy E. Essington and Selina S. Heppell and Edward D. Houde and Marc Mangel and Daniel Pauly and Eva Plaganyi-Lloyd and Keith Sainsbury and Robert S. Steneck},
	booktitle = {Proceedings of the Lenfest Ocean Program},
	note = {Report from the Lenfest Forage Fish Task Force},
	title = {Little Fish, Big Impact: Managing a Crucial Link in Ocean Food Webs},
	url = {https://api.semanticscholar.org/CorpusID:134539657},
	year = {2012}}

@software{standevelopmentteam2023,
	author = {{Stan Development Team}},
	title = {Stan {{Modeling Language Users Guide}} and {{Reference Manual}}},
	url = {https://mc-stan.org/},
	version = {2.26.1},
	year = {2023}}

@software{rcoreteam2024,
	author = {{R Core Team}},
	location = {Vienna, Austria},
	organization = {R Foundation for Statistical Computing},
	title = {R: {{A Language}} and {{Environment}} for {{Statistical Computing}}},
	url = {https://www.R-project.org/},
	version = {4.4.1},
	year = {2024}}

@book{steinbeck1945,
	author = {Steinbeck, John},
	publisher = {Viking Press},
	title = {Cannery {{Row}}},
	year = {1945}}

@incollection{Tissot2008TwentyYO,
	author = {Tissot, Brian N. and Wakefield, W. Waldo and Hixon, Mark A. and Clemons, J.},
	booktitle = {Marine Habitat Mapping Technology for Alaska},
	editor = {J.R. Reynolds and H.G. Greene},
	title = {Twenty Years of Fish-Habitat Studies on Heceta Bank, Oregon},
	url = {https://api.semanticscholar.org/CorpusID:44677461},
	year = {2008}}
